@book{Dodelson,
	author = "Dodelson, Scott",
	title = "{Modern Cosmology}",
	isbn = "978-0-12-219141-1",
	publisher = "Academic Press",
	address = "Amsterdam",
	year = "2003"
}
@article{Aguilar_2021,
	doi = {10.1088/1748-0221/16/03/p03025},
  
	url = {https://doi.org/10.1088%2F1748-0221%2F16%2F03%2Fp03025},
  
	year = 2021,
	month = {mar},
  
	publisher = {{IOP} Publishing},
  
	volume = {16},
  
	number = {03},
  
	pages = {P03025},
  
	author = {J.A. Aguilar and P. Allison and J.J. Beatty and others},
  
	title = {Design and sensitivity of the Radio Neutrino Observatory in Greenland ({RNO}-G)},
  
	journal = {Journal of Instrumentation}
}
@article{Askaryan,
	title = {EXCESS NEGATIVE CHARGE OF AN ELECTRON-PHOTON SHOWER AND THE COHERENT RADIO EMISSION FROM IT},
	author = {Askaryan, G A},
	doi = {},
	url = {https://www.osti.gov/biblio/4833087}, journal = {Zhur. Eksptl'. i Teoret. Fiz.},
	year = 1961,
	volume = 41,
	month = 8
}
@article{Welling_2019,
	doi = {10.1088/1475-7516/2019/10/075},
  
	url = {https://iopscience.iop.org/article/10.1088/1475-7516/2019/10/075},
  
	year = 2019,
	month = {oct},
  
	publisher = {{IOP} Publishing},
  
	volume = {10},
  
	pages = {075--075},
  
	author = {C. Welling and C. Glaser and A. Nelles},
  
	title = {Reconstructing the cosmic-ray energy from the radio signal measured in one single station},
  
	journal = {Journal of Cosmology and Astroparticle Physics}
}
@article{Hiller_2017,
	doi = {10.1051/epjconf/201713501004},
  
	url = {https://doi.org/10.1051%2Fepjconf%2F201713501004},
  
	year = 2017,
	publisher = {{EDP} Sciences},
  
	volume = {135},
  
	pages = {01004},
  
	author = {R. Hiller and P. A. Bezyazeekov and N. M. Budnev and others},
  
	editor = {S. Buitink and J.R. HÃ¶randel and S. de Jong and R. Lahmann and R. Nahnhauer and O. Scholten},
  
	title = {Tunka-Rex: energy reconstruction with a single antenna station},
  
	journal = {{EPJ} Web of Conferences}
}
@article{Welling_2021,
	doi = {10.1088/1475-7516/2021/04/071},
  
	url = {https://doi.org/10.1088/2F1475-7516/2F2021/2F04/2F071},
  
	year = 2021,
	month = {apr},
  
	publisher = {{IOP} Publishing},
  
	volume = {2021},
  
	number = {04},
  
	pages = {071},
  
	author = {C. Welling and P. Frank and T. En{\ss}lin and A. Nelles},
  
	title = {Reconstructing non-repeating radio pulses with Information Field Theory},
  
	journal = {Journal of Cosmology and Astroparticle Physics}
}
@INPROCEEDINGS{2022icrc.confE1027O,
       author = {{Oeyen}, B. and {Plaisier}, I. and {Nelles}, A. and {Glaser}, C. and {Winchen}, T.},
        title = "{Effects of firn ice models on radio neutrino simulations using a RadioPropa ray tracer}",
    booktitle = {37th International Cosmic Ray Conference. 12-23 July 2021. Berlin},
         year = 2022,
        month = mar,
          eid = {1027},
        pages = {1027},
       adsurl = {https://ui.adsabs.harvard.edu/abs/2022icrc.confE1027O},
      adsnote = {Provided by the SAO/NASA Astrophysics Data System}
}
@article{Winchen_2019,
	doi = {10.1051/epjconf/201921603002},
  
	url = {https://doi.org/10.1051%2Fepjconf%2F201921603002},
  
	year = 2019,
	publisher = {{EDP} Sciences},
  
	volume = {216},
  
	pages = {03002},
  
	author = {Tobias Winchen},
  
	editor = {G. Riccobene and S. Biagi and A. Capone and C. Distefano and P. Piattelli},
  
	title = {{RadioPropa} {\textemdash} A Modular Raytracer for In-Matter Radio Propagation},
  
	journal = {{EPJ} Web of Conferences}
}
