@misc{NeutrinoFlux,
  title = {Ice cube masterclass detecing neutrinos page},
  howpublished = {\url{https://masterclass.icecube.wisc.edu/en/learn/detecting-neutrinos}},
}
@misc{FusionIllu,
  title = {Wikimedia commons File:Fusion in the Sun.svg},
  howpublished = {\url{https://en.wikipedia.org/wiki/File:Fusion_in_the_Sun.svg}},
}
@misc{IronIllu,
  title = {Wikimedia commons File:Binding energy curve - common isotopes.svg},
  howpublished = {\url{https://en.wikipedia.org/wiki/File:Binding_energy_curve_-_common_isotopes.svg}},
}
@misc{OrthoGreenland,
  title = {Wikimedia commons File:Greenland (orthographic projection).svg},
  howpublished = {\url{https://en.wikipedia.org/wiki/File:Greenland_(orthographic_projection).svg}},
}
@misc{PlannedLay,
  title = {Detector deployment},
  howpublished = {\url{https://radio.uchicago.edu/detector.php}},
}
@misc{CherenkovReactor,
  title = {Argonne National Laboratory Advanced Test Reactor core, Idaho National Laboratory},
  howpublished = {\url{https://en.wikipedia.org/wiki/File:Advanced_Test_Reactor.jpg}},
}
@misc{CherenkovIllu,
  title = {File:Cherenkov.svg by Arpad Horvath},
  howpublished = {\url{https://commons.wikimedia.org/wiki/File:Cherenkov.svg}},
}
@article{Aguilar_2021_Fig,
	doi = {10.1088/1748-0221/16/03/p03025},
  
	url = {https://doi.org/10.1088%2F1748-0221%2F16%2F03%2Fp03025},
  
	year = 2021,
	month = {mar},
  
	publisher = {{IOP} Publishing},
  
	volume = {16},
  
	number = {03},
  
	pages = {P03025},
  
	author = {J.A. Aguilar and P. Allison and J.J. Beatty and others},
  
	title = {Design and sensitivity of the Radio Neutrino Observatory in Greenland ({RNO}-G)},
  
	journal = {Journal of Instrumentation}
}
@misc{DetectorIllu,
  title = {Sketch of a RNO-G station with in ice detector strings and surface antennas by 14lumiere},
  howpublished = {\url{https://commons.wikimedia.org/wiki/File:RNO-G_station_sketch.jpg#filelinks}},
}
